<record xmlns="http://www.loc.gov/MARC21/slim" xmlns:xsi="http://www.w3.org/2001/XMLSchema-instance" xsi:schemaLocation="http://www.loc.gov/MARC21/slim http://www.loc.gov/standards/marcxml/schema/MARC21slim.xsd"><leader>02669nam a2200493   4500</leader><controlfield tag="001">001932736</controlfield><controlfield tag="003">NNU</controlfield><controlfield tag="006">m        d        </controlfield><controlfield tag="007">cr cn |||m|||a</controlfield><controlfield tag="008">150223m19879999ir      o     000 0 arar</controlfield><datafield ind1=" " ind2=" " tag="040"><subfield code="a">NNU</subfield><subfield code="b">eng</subfield><subfield code="e">rda</subfield><subfield code="c">NNU</subfield></datafield><datafield ind1="0" ind2="0" tag="050"><subfield code="a">B753</subfield><subfield code="b">.F31 1987</subfield></datafield><datafield ind1="0" ind2=" " tag="100"><subfield code="6">880-01</subfield><subfield code="a">F&#257;r&#257;b&#299;</subfield></datafield><datafield ind1="1" ind2="3" tag="245"><subfield code="6">880-02</subfield><subfield code="a">al-Mant&#803;iqi&#772;ya&#772;t lil-Fa&#772;ra&#772;bi&#772; /</subfield><subfield code="c">h&#803;aqqaqaha&#772; wa-qaddama laha&#772;, Muh&#803;ammad Taqi&#772; Da&#772;nish&#697;pazhu&#772;h ; ishra&#772;f, Mah&#803;mu&#772;d al-Mar&#699;ashi&#772;.</subfield></datafield><datafield ind1=" " ind2=" " tag="250"><subfield code="6">880-03</subfield><subfield code="a">al-T&#803;ab&#699;ah 1.</subfield></datafield><datafield ind1=" " ind2=" " tag="260"><subfield code="6">880-04</subfield><subfield code="a">Qum :</subfield><subfield code="b">Maktabat A&#772;yat Alla&#772;h al-&#699;Uz&#803;ma&#769; al-Mar&#699;ashi&#772; al-Najafi&#772;,</subfield><subfield code="c">1408-&lt;1409&gt; [1987 or 1988]-</subfield></datafield><datafield ind1=" " ind2=" " tag="300"><subfield code="a">online resource (volumes &lt;1-3&gt;)</subfield></datafield><datafield ind1=" " ind2=" " tag="336"><subfield code="a">text</subfield><subfield code="2">rdacontent</subfield></datafield><datafield ind1=" " ind2=" " tag="337"><subfield code="a">computer</subfield><subfield code="2">rdamedia</subfield></datafield><datafield ind1=" " ind2=" " tag="338"><subfield code="a">online resource</subfield><subfield code="2">rdacarrier</subfield></datafield><datafield ind1=" " ind2=" " tag="500"><subfield code="a">Arabic; pref. in Persian.</subfield></datafield><datafield ind1=" " ind2=" " tag="500"><subfield code="a">Part of the Arabic Collections Online (ACO) project, contributed by New York Univeristy Libraries.</subfield></datafield><datafield ind1="1" ind2=" " tag="505"><subfield code="a">v. 1. al-Nus&#803;u&#772;s&#803; al-mant&#803;iqi&#772;yah -- v. 2. al-Shuru&#772;h&#803; al-mant&#803;iqi&#772;yah -- al-mujallad 3. al-Shuru&#772;h&#803; &#699;ala&#769; al-nus&#803;u&#772;s&#803; al-mant&#803;iqi&#772;yah.</subfield></datafield><datafield ind1=" " ind2=" " tag="533"><subfield code="a">Electronic reproduction.</subfield><subfield code="b">New York, N.Y. :</subfield><subfield code="c">New York University,</subfield><subfield code="d">2015.</subfield><subfield code="5">NNU</subfield></datafield><datafield ind1=" " ind2="0" tag="650"><subfield code="a">Philosophy, Medieval.</subfield></datafield><datafield ind1=" " ind2="0" tag="650"><subfield code="a">Logic</subfield><subfield code="v">Early works to 1800.</subfield></datafield><datafield ind1=" " ind2="7" tag="650"><subfield code="a">Logic.</subfield><subfield code="2">fast</subfield><subfield code="0">(OCoLC)fst01002014</subfield></datafield><datafield ind1=" " ind2="7" tag="650"><subfield code="a">Philosophy, Medieval.</subfield><subfield code="2">fast</subfield><subfield code="0">(OCoLC)fst01061057</subfield></datafield><datafield ind1=" " ind2="7" tag="655"><subfield code="a">Early works.</subfield><subfield code="2">fast</subfield><subfield code="0">(OCoLC)fst01411636</subfield></datafield><datafield ind1="1" ind2=" " tag="700"><subfield code="6">880-05</subfield><subfield code="a">Da&#772;nish&#697;pazhu&#772;h, Muh&#803;ammad Taqi&#772;.</subfield></datafield><datafield ind1="1" ind2=" " tag="700"><subfield code="6">880-06</subfield><subfield code="a">Mar&#699;ashi&#772;, Mah&#803;mu&#772;d.</subfield></datafield><datafield ind1="2" ind2=" " tag="710"><subfield code="a">New York University.</subfield><subfield code="b">Libraries.</subfield></datafield><datafield ind1="0" ind2=" " tag="730"><subfield code="a">Arabic Collections Online.</subfield></datafield><datafield ind1="0" ind2="8" tag="776"><subfield code="i">Online version:</subfield><subfield code="a">Fa&#772;ra&#772;bi&#772;.</subfield><subfield code="t">Mant&#803;iqi&#772;ya&#772;t lil-Fa&#772;ra&#772;bi&#772;.</subfield><subfield code="b">al-T&#803;ab&#699;ah 1.</subfield><subfield code="d">Qum : Maktabat A&#772;yat Alla&#772;h al-&#699;Uz&#803;ma&#769; al-Mar&#699;ashi&#772; al-Najafi&#772;, 1408-&lt;1409&gt; [1987 or 1988-</subfield><subfield code="w">(OCoLC)556199264</subfield></datafield><datafield ind1="0" ind2="8" tag="776"><subfield code="i">Print version:</subfield><subfield code="a">F&#257;r&#257;b&#299; 880-01</subfield><subfield code="t">al-Mant&#803;iqi&#772;ya&#772;t lil-Fa&#772;ra&#772;bi&#772;</subfield><subfield code="w">(NNU)001932736</subfield><subfield code="w">(DLC)   89930245</subfield></datafield><datafield ind1="4" ind2="0" tag="856"><subfield code="u">http://hdl.handle.net/2333.1/9kd51fd5</subfield></datafield><datafield ind1="0" ind2=" " tag="880"><subfield code="6">100-01/</subfield><subfield code="a">&#1601;&#1575;&#1585;&#1575;&#1576;&#1610;.</subfield></datafield><datafield ind1="1" ind2="2" tag="880"><subfield code="6">245-02/</subfield><subfield code="a">&#1575;&#1604;&#1605;&#1606;&#1591;&#1602;&#1610;&#1575;&#1578; &#1604;&#1604;&#1601;&#1575;&#1585;&#1575;&#1576;&#1610; /</subfield><subfield code="c">&#1581;&#1602;&#1602;&#1607;&#1575; &#1608;&#1602;&#1583;&#1605; &#1604;&#1607;&#1575; &#1605;&#1581;&#1605;&#1583; &#1578;&#1602;&#1610; &#1583;&#1575;&#1606;&#1588;&#1662;&#1688;&#1608;&#1607; &#1563; &#1575;&#1588;&#1585;&#1575;&#1601; &#1605;&#1581;&#1605;&#1608;&#1583; &#1575;&#1604;&#1605;&#1585;&#1593;&#1588;&#1610;.</subfield></datafield><datafield ind1=" " ind2=" " tag="880"><subfield code="6">250-03/</subfield><subfield code="a">&#1575;&#1604;&#1591;&#1576;&#1593;&#1577; 1.</subfield></datafield><datafield ind1=" " ind2=" " tag="880"><subfield code="6">260-04/</subfield><subfield code="a">&#1602;&#1605; :</subfield><subfield code="b">&#1605;&#1603;&#1578;&#1576;&#1577; &#1570;&#1610;&#1577; &#1575;&#1604;&#1604;&#1607; &#1575;&#1604;&#1593;&#1592;&#1605;&#1609; &#1575;&#1604;&#1605;&#1585;&#1593;&#1588;&#1610; &#1575;&#1604;&#1606;&#1580;&#1601;&#1610;&#1548;</subfield><subfield code="c">1408- [1987 &#1571;&#1608; 1988-</subfield></datafield><datafield ind1="1" ind2=" " tag="880"><subfield code="6">700-05/</subfield><subfield code="a">&#1583;&#1575;&#1606;&#1588;&#1662;&#1688;&#1608;&#1607;&#1548; &#1605;&#1581;&#1605;&#1583; &#1578;&#1602;&#1610;.</subfield></datafield><datafield ind1="1" ind2=" " tag="880"><subfield code="6">700-06/</subfield><subfield code="a">&#1605;&#1585;&#1593;&#1588;&#1610;&#1548; &#1605;&#1581;&#1605;&#1608;&#1583;.</subfield></datafield><datafield ind1=" " ind2=" " tag="959"><subfield code="a">NNU</subfield><subfield code="b">WEB</subfield><subfield code="c">GENI</subfield><subfield code="t">0</subfield><subfield code="m">Electronic access</subfield><subfield code="s">01</subfield></datafield><datafield ind1=" " ind2=" " tag="999"><subfield code="i">NNU_001932736</subfield><subfield code="s">nyu_aco000140:v.1</subfield><subfield code="s">nyu_aco000141:v.2</subfield><subfield code="s">nyu_aco000142:v.3</subfield></datafield></record>